@book{steedman,
    author = {Steedman, Mark},
    title = {The Syntactic Process},
    year = {2000},
    isbn = {0-262-19420-1},
    publisher = {MIT Press},
    address = {Cambridge, MA, USA},
}

@book{nts,
    author = {Borsley, Robert and BÃ¶rjars, Kersti},
    year = {2011},
    month = {06},
    pages = {},
    title = {Non-Transformational Syntax: Formal and Explicit Models of Grammar},
    doi = {10.1002/9781444395037}
}
